<?xml version="1.0" encoding="UTF-8"?><collection xmlns="http://www.loc.gov/MARC21/slim"><record><leader>00322nam--2200109-i-4500</leader><controlfield tag="001">000025853</controlfield><controlfield tag="002">20161230</controlfield><controlfield tag="005">20161230201036</controlfield><controlfield tag="008">060222s1000------------r-----000-0-eng-d</controlfield><datafield ind1=" " ind2=" " tag="245"><subfield code="a">International problems of financial protection against nuclear risk</subfield></datafield><datafield ind1=" " ind2=" " tag="260"><subfield code="a">New York, Atomic Industrial Forum, Inc., 1959, 95p</subfield></datafield><datafield ind1=" " ind2=" " tag="852"><subfield code="a">16835</subfield></datafield></record></collection>